@TechReport{PorterYu2014,
  author={Jack Porter and Ping Yu},
  title={{Regression Discontinuity Designs with Unknown Discontinuity Points: Testing and Estimation}},
  year=2014,
  month=November,
  institution={University of Hong Kong},
  type={Mimeo}
}

@TechReport{ClarkeMuhlrad2014,
  author={Damian Clarke and Hanna M\"uhlrad},
  title={{The Effects of Legalising Abortion in Mexico City}},
  year=2014,
  month=November,
  type={Mimeo}
}

@TechReport{Clarke2014,
  author={Damian Clarke},
  title={{Assessing Plan B: The Effect of the Morning After Pill in Chile}},
  year=2014,
  month=September,
  institution={The University of Oxford},
  type={Mimeo}
}

@TechReport{Zajonc2012,
  author={Tristan Zajonc},
  title={{Boundary Regression Discontinuity Design}},
  year=2012,
  month=May,
  institution={Harvard University},
  type={Dissertation}
}

@Article{Rubin1974,
  author={Donald B. Rubin},
  title={{Estimating Causal Effects of Treatments in Randomized and Nonrandomized Studies}},
  journal={Journal of Educational Psychology},
  year=1974,
  volume={66},
  number={5},
  pages={688-701}
}

@Article{Fraser2014,
  author={Barbara Fraser},
  title={{Tide begins to turn on abortion access in South America}},
  journal={The Lancet},
  year=2014,
  volume={383},
  number={9935},
  pages={2113-2114},
	month={June}
}

@Article{Rubin1980,
  author={Donald B. Rubin},
  title={{Randomization Analysis of Experimental Data: The Fisher Randomization Test Comment}},
  journal={Journal of the American Statistical Association},
  year=1980,
  volume={75},
  number={371},
  pages={591-593},
  month={September}
}

@book{Cox1958,
    author    = "D. R. Cox",
    title     = "Planning of Experiments",
    year      = "1958",
    publisher = "John Wiley \& Sons Inc.",
    address   = "New York, New York"
}

@Article{Manski2013,
  author={Charles F. Manski},
  title={{Identification of treatment response with social interactions}},
  journal={The Econometrics Journal},
  year=2013,
  volume={16},
  number={1},
  pages={S1-S23},
  month={February}
}

@Article{Rubin1978,
  author={Donald B. Rubin},
  title={{Bayesian Inference for Causal Effects: The Role of Randomization}},
  journal={The Annals of Statistics},
  year=1978,
  volume={6},
  number={1},
  pages={34-58},
  month={January}
}

@Article{AshenfelterCard1985,
  author={Orly Ashenfelter and David Card},
  title={{Using the Longitudinal Structure of Earnings to Estimate the Effects of Training Programs}},
  journal={Review of Economics and Statistics},
  year=1985,
  volume={67},
  number={4},
  pages={648-660},
  month={November}
}

@Article{Heckmanetal1998b,
  author={James Heckman and Hidehiko Ichimura and Jeffrey Smith and Petra Todd},
  title={{Characterizing Selection Bias Using Experimental Data}},
  journal={Econometrica},
  year=1998,
  volume={66},
  number={5},
  pages={1017-1098},
  month={September}
}

@Article{Bertrandetal2004,
  author={Marianne Bertrand and Esther Duflo and Sendhil Mullainathan},
  title={{How Much Should We Trust Differences-in-Differences Estimates?}},
  journal={Quarterly Journal of Economics},
  year=2004,
  volume={119},
  number={1},
  pages={249-275},
  month={February}
}

@Article{Abadie2005,
  author={Alberto Abadie},
  title={{Semiparametric Difference-in-Differences Estimators}},
  journal={Review of Economic Studies},
  year=2005,
  volume={72},
  number={1},
  pages={1-19},
  month={}
}

@Article{McIntosh2008,
  author={Craig McIntosh},
  title={{Estimating Treatment Effects from Spatial Policy Experiments: An Application to Ugandan Microfinance}},
  journal={The Review of Economics and Statistics},
  year=2008,
  volume={90},
  number={1},
  pages={15-28},
  month={February}
}

@TechReport{Bairdetal2014,
  author={Baird, Sarah and Bohren, Aislinn and McIntosh, Craig and Ozler, Berk},
  title={{Designing experiments to measure spillover effects}},
  year=2014,
  month=Mar,
  institution={The World Bank},
  type={Policy Research Working Paper Series},
  number={6824}
}

@TechReport{AngelucciDiMaro2010,
  author={Manuela Angelucci and Vincenzo Di Maro},
  title={{Program Evaluation and Spillover Effects}},
  year=2010,
  month=May,
  institution={Inter-American Development Bank, Office of Strategic Planning and Development Effectiveness (SPD)},
  type={SPD Working Papers},
  number={1003}
}

@Article{AngelucciDeGiorgi2009,
  author={Manuela Angelucci and Giacomo De Giorgi},
  title={{Indirect Effects of an Aid Program: How Do Cash Transfers Affect Ineligibles' Consumption?}},
  journal={American Economic Review},
  year=2009,
  volume={99},
  number={1},
  pages={486-508},
  month={March}
}

@Article{Heckmanetal1998,
  author={Heckman, James J and Lochner, Lance and Taber, Christopher},
  title={{General-Equilibrium Treatment Effects: A Study of Tuition Policy}},
  journal={American Economic Review},
  year=1998,
  volume={88},
  number={2},
  pages={381-86},
  month={May}
}

@Article{Imbens2004,
  author={Guido W. Imbens},
  title={{Nonparametric Estimation of Average Treatment Effects Under Exogeneity: A Review}},
  journal={The Review of Economics and Statistics},
  year=2004,
  volume={86},
  number={1},
  pages={4-29},
  month={February}
}

@Article{MiguelKremer2004,
  author={Edward Miguel and Michael Kremer},
  title={{Worms: Identifying Impacts on Education and Health in the Presence of Treatment Externalities}},
  journal={Econometrica},
  year=2004,
  volume={72},
  number={1},
  pages={159-217},
  month={01}
}
